<?xml version="1.0" encoding="UTF-8"?><collection xmlns="http://www.loc.gov/MARC21/slim"><record><leader>00416nam--2200181-i-4500</leader><controlfield tag="001">000036864</controlfield><controlfield tag="002">20161230</controlfield><controlfield tag="005">20161230201041</controlfield><controlfield tag="008">060222s1000------------r-----000-0-rus-d</controlfield><datafield ind1=" " ind2=" " tag="040"><subfield code="a">IFIN-HH</subfield></datafield><datafield ind1=" " ind2=" " tag="041"><subfield code="a">rus</subfield></datafield><datafield ind1=" " ind2=" " tag="080"><subfield code="a">53(076)</subfield></datafield><datafield ind1="1" ind2=" " tag="100"><subfield code="a">Kogan, B.Iu</subfield></datafield><datafield ind1="1" ind2="0" tag="245"><subfield code="a">Sto zadaci po fizike</subfield><subfield code="c">B. iu. kogan</subfield></datafield><datafield ind1=" " ind2=" " tag="260"><subfield code="a">Moskva</subfield><subfield code="b">Nauka</subfield><subfield code="c">1986</subfield></datafield><datafield ind1=" " ind2=" " tag="300"><subfield code="a">58P</subfield></datafield><datafield ind1=" " ind2=" " tag="852"><subfield code="a">73637</subfield><subfield code="c">53</subfield></datafield><datafield ind1=" " ind2=" " tag="CAT"><subfield code="a">Sys</subfield><subfield code="c">20150811</subfield><subfield code="h">094222</subfield></datafield></record></collection>